<?xml version="1.0" encoding="UTF-8" ?><marc:collection xmlns:marc="http://www.loc.gov/MARC21/slim" xmlns:xsi="http://www.w3.org/2001/XMLSchema-instance" xsi:schemaLocation="http://www.loc.gov/MARC21/slim http://www.loc.gov/standards/marcxml/schema/MARC21slim.xsd">
<marc:record><marc:leader>03572cam a2200481Ii 4500</marc:leader>
<marc:controlfield tag="001">b11960590</marc:controlfield>
<marc:controlfield tag="003">UaCaAUL</marc:controlfield><marc:controlfield tag="005">20190220122334.0</marc:controlfield><marc:controlfield tag="008">020607s1872    le            000 0 ara d</marc:controlfield><marc:datafield tag="035" ind1=" " ind2=" "><marc:subfield code="a">(OCoLC)264966875</marc:subfield></marc:datafield><marc:datafield tag="040" ind1=" " ind2=" "><marc:subfield code="a">CUD</marc:subfield><marc:subfield code="b">eng</marc:subfield><marc:subfield code="e">rda</marc:subfield><marc:subfield code="c">CUD</marc:subfield><marc:subfield code="d">OCLCQ</marc:subfield><marc:subfield code="d">OCLCO</marc:subfield><marc:subfield code="d">OCLCF</marc:subfield><marc:subfield code="d">HLS</marc:subfield><marc:subfield code="d">MEAUC</marc:subfield></marc:datafield><marc:datafield tag="049" ind1=" " ind2=" "><marc:subfield code="a">MAIN</marc:subfield></marc:datafield><marc:datafield tag="050" ind1=" " ind2="4"><marc:subfield code="a">PJ6101.I23</marc:subfield><marc:subfield code="b">I2 1872</marc:subfield></marc:datafield><marc:datafield tag="066" ind1=" " ind2=" "><marc:subfield code="c">(3</marc:subfield></marc:datafield><marc:datafield tag="090" ind1=" " ind2=" "><marc:subfield code="a">PJ6101.I23</marc:subfield><marc:subfield code="b">I2 1872</marc:subfield></marc:datafield><marc:datafield tag="100" ind1="1" ind2=" "><marc:subfield code="6">880-01</marc:subfield><marc:subfield code="a">Ibn ʻAqīl, ʻAbd Allāh ibn ʻAbd al-Raḥmān,</marc:subfield><marc:subfield code="d">1294?-1367.</marc:subfield></marc:datafield><marc:datafield tag="240" ind1="1" ind2="0"><marc:subfield code="6">880-02</marc:subfield><marc:subfield code="a">Sharḥ Ibn ʻAqīl ʻalá Alfīyat Ibn Mālik.</marc:subfield></marc:datafield><marc:datafield tag="245" ind1="1" ind2="0"><marc:subfield code="6">880-03</marc:subfield><marc:subfield code="a">Kitāb Sharḥ al-ʻallāmah Ibn ʻAqīl ʻalá Alfīyat al-ʻallāmah Ibn Mālik.  [Wa-yalīhi Kitāb sharḥ abyāt al-shawāhid allatī istashhada bi-hā Ibn ʻAqīl fī sharḥihi Alfīyat Ibn Mālik murattabah ʻalá ḥurūf al-muʻjam li-ajl tatmīm al-fāʼidah]</marc:subfield></marc:datafield><marc:datafield tag="246" ind1="3" ind2=" "><marc:subfield code="6">880-04</marc:subfield><marc:subfield code="a">Sharḥ al-ʻallāmah Ibn ʻAqīl ʻalá Alfīyat al-ʻallāmah Ibn Mālik.</marc:subfield></marc:datafield><marc:datafield tag="246" ind1="3" ind2=" "><marc:subfield code="a">Sharḥ Ibn ʻAqīl ʻalá Alfīyat Ibn Mālik.</marc:subfield></marc:datafield><marc:datafield tag="264" ind1=" " ind2="1"><marc:subfield code="6">880-05</marc:subfield><marc:subfield code="a">Bayrūt :</marc:subfield><marc:subfield code="b">ṭubiʻ bi-Maṭbaʻat al-Maʻārif fī Bayrūt bi-nafaqat Khalīl wa-Amīn Sarkīs,</marc:subfield><marc:subfield code="c">1872.</marc:subfield></marc:datafield><marc:datafield tag="300" ind1=" " ind2=" "><marc:subfield code="a">336, 194 pages ;</marc:subfield><marc:subfield code="c">20 cm.</marc:subfield></marc:datafield><marc:datafield tag="336" ind1=" " ind2=" "><marc:subfield code="a">text</marc:subfield><marc:subfield code="b">txt</marc:subfield><marc:subfield code="2">rdacontent.</marc:subfield></marc:datafield><marc:datafield tag="337" ind1=" " ind2=" "><marc:subfield code="a">unmediated</marc:subfield><marc:subfield code="b">n</marc:subfield><marc:subfield code="2">rdamedia.</marc:subfield></marc:datafield><marc:datafield tag="338" ind1=" " ind2=" "><marc:subfield code="a">volume</marc:subfield><marc:subfield code="b">nc</marc:subfield><marc:subfield code="2">rdacarrier.</marc:subfield></marc:datafield><marc:datafield tag="500" ind1=" " ind2=" "><marc:subfield code="6">880-06</marc:subfield><marc:subfield code="a">Li-Alfīyat al-ḥabr Ibn Mālik bahjah ʻalá ghayrihā fāqat bi-alf dalīl, ʻalayhā sharḥ laysa yuḥaṣy ʻadīdahā wa-afḍluhā al-maʻrūf bi-Ibn ʻAqīl.</marc:subfield></marc:datafield><marc:datafield tag="500" ind1=" " ind2=" "><marc:subfield code="a">Decorated title page.</marc:subfield></marc:datafield><marc:datafield tag="600" ind1="1" ind2="0"><marc:subfield code="a">Ibn Mālik, Muḥammad ibn ʻAbd Allāh,</marc:subfield><marc:subfield code="d">-1274.</marc:subfield><marc:subfield code="t">Alfīyah.</marc:subfield></marc:datafield><marc:datafield tag="650" ind1=" " ind2="0"><marc:subfield code="a">Arabic language</marc:subfield><marc:subfield code="x">Grammar</marc:subfield><marc:subfield code="v">Early works to 1800.</marc:subfield></marc:datafield><marc:datafield tag="700" ind1="1" ind2="2"><marc:subfield code="6">880-07</marc:subfield><marc:subfield code="a">Ibn Mālik, Muḥammad ibn ʻAbd Allāh,</marc:subfield><marc:subfield code="d">-1274.</marc:subfield><marc:subfield code="t">Alfīyah.</marc:subfield></marc:datafield><marc:datafield tag="700" ind1="1" ind2="2"><marc:subfield code="6">880-08</marc:subfield><marc:subfield code="a">ʻAdawī, Muḥammad Qiṭṭah.</marc:subfield><marc:subfield code="t">Kitāb sharḥ abyāt al-shawāhid allatī istashhada bi-hā Ibn ʻAqīl fī sharḥihi Alfīyat Ibn Mālik murattabah ʻalá ḥurūf al-muʻjam li-ajl tatmīm al-fāʼidah.</marc:subfield></marc:datafield><marc:datafield tag="880" ind1="1" ind2=" "><marc:subfield code="6">100-01/(3/r</marc:subfield><marc:subfield code="a">ابن عقيل، عبد الله بن عبد الرحمن،‪</marc:subfield><marc:subfield code="d">1294؟-1367.</marc:subfield></marc:datafield><marc:datafield tag="880" ind1="1" ind2="0"><marc:subfield code="6">240-02/(3/r</marc:subfield><marc:subfield code="a">شرح ابن عقيل على ألفية ابن مالك.</marc:subfield></marc:datafield><marc:datafield tag="880" ind1="1" ind2="0"><marc:subfield code="6">245-03/(3/r</marc:subfield><marc:subfield code="a">كتاب شرح العلامة ابن عقيل على ألفية العلامة ابن مالك.  [ويليه كتاب شرح ابيات الشواهد التي استشهد بها ابن عقيل في شرحه ألفية ابن مالك مرتبة على حروف المعجم لاجل تتميم الفائدة]</marc:subfield></marc:datafield><marc:datafield tag="880" ind1="3" ind2=" "><marc:subfield code="6">246-04/(3/r</marc:subfield><marc:subfield code="a">شرح العلامة ابن عقيل على ألفية العلامة ابن مالك.</marc:subfield></marc:datafield><marc:datafield tag="880" ind1=" " ind2="1"><marc:subfield code="6">264-05/(3/r</marc:subfield><marc:subfield code="a">بيروت :‪</marc:subfield><marc:subfield code="b">طبع بمطبعة المعارف في بيروت بنفقة خليل وأمين سركيس،‪</marc:subfield><marc:subfield code="c">1872.</marc:subfield></marc:datafield><marc:datafield tag="880" ind1=" " ind2=" "><marc:subfield code="6">500-06/(3/r</marc:subfield><marc:subfield code="a">لألفية الحبر ابن مالك بهجة على غيرها فاقت بالف دليل، عليها شرح ليس بحصي عديدها وافضلها المعروف بابن عقيل..</marc:subfield></marc:datafield><marc:datafield tag="880" ind1="1" ind2="2"><marc:subfield code="6">700-07/(3/r</marc:subfield><marc:subfield code="a">ابن مالك، محمد بن عبد الله،‪</marc:subfield><marc:subfield code="d">- 1274.</marc:subfield><marc:subfield code="t">ألفية..</marc:subfield></marc:datafield><marc:datafield tag="880" ind1="1" ind2="2"><marc:subfield code="6">700-08/(3/r</marc:subfield><marc:subfield code="a">عدوى: محمد قطة.‪</marc:subfield><marc:subfield code="t">كتاب شرح ابيات الشواهد التى استشهد بها ابن عقيل فى شرحه الفية ابن مالك مرتبة على حروف المعجم لاجل تتميم الفائدة..</marc:subfield></marc:datafield><marc:datafield tag="907" ind1=" " ind2=" "><marc:subfield code="a">.b11960590</marc:subfield><marc:subfield code="b">main </marc:subfield></marc:datafield><marc:datafield tag="902" ind1=" " ind2=" "><marc:subfield code="a">190902</marc:subfield></marc:datafield><marc:datafield tag="998" ind1=" " ind2=" "><marc:subfield code="b">1</marc:subfield><marc:subfield code="c">031018</marc:subfield><marc:subfield code="d">m</marc:subfield><marc:subfield code="e">~</marc:subfield><marc:subfield code="f">-</marc:subfield><marc:subfield code="g">0</marc:subfield><marc:subfield code="k">TA</marc:subfield></marc:datafield><marc:datafield tag="945" ind1=" " ind2=" "><marc:subfield code="l">main </marc:subfield></marc:datafield></marc:record>
</marc:collection>
